%% This BibTeX bibliography file was created using BibDesk.
%% https://bibdesk.sourceforge.io/

%% Created for Laurin Ernst at 2022-09-20 09:54:32 +0200


%% Saved with string encoding Unicode (UTF-8)



@article{for_seg,
	author = {V. Khryashchev and V. Oavlov and A. Ostrovskaya and R. Larionov},
	date-added = {2022-09-20 09:49:58 +0200},
	date-modified = {2022-09-20 09:54:07 +0200},
	journal = {IEEE East-West Design & Test Symposium (EWDTS)},
	keywords = {computer vision , image segmentation , aerial images , forest area detection},
	title = {Forest Areas Segmentation on Aerial Images by Deep Learning},
	year = {2019}}

@article{satnet,
	author = {A. Santoso Gunawan, I. Arifiany and E. Irwansyah},
	journal = {ICIC Express Letters},
	title={Semantic Segmentation of Aerial Imagery for Road and Building Extraction with Deep Learning},
	year={2019}}
